@article{
year={1997},
issn={0025-5610},
journal={Mathematical Programming},
volume={77},
number={3},
doi={10.1007/BF02614517},
title={On the 0/1 knapsack polytope},
url={http://dx.doi.org/10.1007/BF02614517},
publisher={Springer-Verlag},
keywords={Complete description; Facets; Knapsack polytope; Knapsack problem; Pseudo polynomial time; Separation},
author={Weismantel, Robert},
pages={49-68},
language={English}
}
